<collection xmlns="http://www.loc.gov/MARC21/slim">
<record>
  <leader>02148nam0a22003371i 450 </leader>
  <controlfield tag="001">IT\ICCU\CNCE\038862</controlfield>
  <controlfield tag="005">19981104000000.0</controlfield>
  <datafield tag="012" ind1=" " ind2=" ">
    <subfield code="a">1819 8787 p-am tusi (3) 1573 (R)</subfield>
    <subfield code="2">fei</subfield>
  </datafield>
  <datafield tag="100" ind1=" " ind2=" ">
    <subfield code="a">19981104d1573        0itac0103    ba</subfield>
  </datafield>
  <datafield tag="101" ind1=" " ind2=" ">
    <subfield code="a">LAT</subfield>
  </datafield>
  <datafield tag="102" ind1=" " ind2=" ">
    <subfield code="a">IT</subfield>
  </datafield>
  <datafield tag="200" ind1="1" ind2=" ">
    <subfield code="a">℗Alexandri Tralliani ... ℗Libri duodecim. Razae De pestilentia libellus. per Ioannem Guinterium Andernaco, de Graeco accuratissime conuersi. Duo etiam leguntur his appositi indices: alter conclusionum, &amp; capitum summam additas, continet, alter in toto libro scitu praeclara demonstrat</subfield>
  </datafield>
  <datafield tag="210" ind1=" " ind2=" ">
    <subfield code="a">Quae omnia recenti hac nostra editione</subfield>
    <subfield code="d">vt potuit fieri</subfield>
    <subfield code="d">diligentissime expolita sunt</subfield>
    <subfield code="d">atque elaborata. Venetiis</subfield>
    <subfield code="c">apud heredem Hieronymi Scoti</subfield>
    <subfield code="d">1573.</subfield>
    <subfield code="e">Venetiis</subfield>
    <subfield code="g">apud Hieronymi Scoti</subfield>
    <subfield code="h">1573</subfield>
  </datafield>
  <datafield tag="215" ind1=" " ind2=" ">
    <subfield code="a">\8!, 247, \1! c.</subfield>
    <subfield code="d"></subfield>
  </datafield>
  <datafield tag="300" ind1=" " ind2=" ">
    <subfield code="a"></subfield>
  </datafield>
  <datafield tag="620" ind1=" " ind2=" ">
    <subfield code="a">IT</subfield>
    <subfield code="d">Venezia</subfield>
  </datafield>
  <datafield tag="700" ind1=" " ind2="0">
    <subfield code="a">Alexander</subfield>
    <subfield code="c"> : Trallianus</subfield>
    <subfield code="3">IT\ICCU\CNCA\000599</subfield>
  </datafield>
  <datafield tag="702" ind1=" " ind2="1">
    <subfield code="a">Al-Razi,</subfield>
    <subfield code="b">Abu Bakr Muhammad ibn Zakariyya</subfield>
    <subfield code="3">IT\ICCU\CNCA\000131</subfield>
  </datafield>
  <datafield tag="712" ind1="0" ind2="0">
    <subfield code="a">Scoto, Girolamo - erede</subfield>
    <subfield code="3">IT\ICCU\CNCT\000459</subfield>
    <subfield code="4">650</subfield>
  </datafield>
  <datafield tag="790" ind1=" " ind2="0">
    <subfield code="a">Alexander</subfield>
    <subfield code="c"> : Trallensis</subfield>
    <subfield code="3">IT\ICCU\CNCA\026817</subfield>
    <subfield code="z">Alexander : Trallianus</subfield>
  </datafield>
  <datafield tag="790" ind1=" " ind2="0">
    <subfield code="a">Alexander</subfield>
    <subfield code="c"> : von#Tralles</subfield>
    <subfield code="3">IT\ICCU\CNCA\026818</subfield>
    <subfield code="z">Alexander : Trallianus</subfield>
  </datafield>
  <datafield tag="790" ind1=" " ind2="0">
    <subfield code="a">Alexandre</subfield>
    <subfield code="c"> : de#Tralles</subfield>
    <subfield code="3">IT\ICCU\CNCA\026819</subfield>
    <subfield code="z">Alexander : Trallianus</subfield>
  </datafield>
  <datafield tag="790" ind1=" " ind2="0">
    <subfield code="a">Alexander</subfield>
    <subfield code="c"> : of#Tralles</subfield>
    <subfield code="3">IT\ICCU\CNCA\026820</subfield>
    <subfield code="z">Alexander : Trallianus</subfield>
  </datafield>
  <datafield tag="790" ind1=" " ind2="0">
    <subfield code="a">Alessandro</subfield>
    <subfield code="c"> : di#Tralle</subfield>
    <subfield code="3">IT\ICCU\CNCA\026821</subfield>
    <subfield code="z">Alexander : Trallianus</subfield>
  </datafield>
  <datafield tag="790" ind1=" " ind2="0">
    <subfield code="a">Rasis</subfield>
    <subfield code="3">IT\ICCU\CNCA\014847</subfield>
    <subfield code="z">Al-Razi, Abu Bakr Muhammad ibn Zakariyya</subfield>
  </datafield>
  <datafield tag="790" ind1=" " ind2="0">
    <subfield code="a">Raza</subfield>
    <subfield code="3">IT\ICCU\CNCA\014862</subfield>
    <subfield code="z">Al-Razi, Abu Bakr Muhammad ibn Zakariyya</subfield>
  </datafield>
  <datafield tag="790" ind1=" " ind2="0">
    <subfield code="a">Rhases</subfield>
    <subfield code="3">IT\ICCU\CNCA\014871</subfield>
    <subfield code="z">Al-Razi, Abu Bakr Muhammad ibn Zakariyya</subfield>
  </datafield>
  <datafield tag="790" ind1=" " ind2="1">
    <subfield code="a">Abu Bakr Muhammad ibn Zakariyya,</subfield>
    <subfield code="b">al-Razi</subfield>
    <subfield code="3">IT\ICCU\CNCA\014872</subfield>
    <subfield code="z">Al-Razi, Abu Bakr Muhammad ibn Zakariyya</subfield>
  </datafield>
  <datafield tag="801" ind1=" " ind2="3">
    <subfield code="a">IT</subfield>
    <subfield code="b">ICCU</subfield>
    <subfield code="c">20201114</subfield>
  </datafield>
  <datafield tag="899" ind1=" " ind2=" ">
    <subfield code="a">Biblioteca nazionale centrale. Firenze</subfield>
    <subfield code="1">FI0098</subfield>
    <subfield code="2">CFI CF</subfield>
  </datafield>
  <datafield tag="899" ind1=" " ind2=" ">
    <subfield code="a">Biblioteca nazionale centrale. Roma</subfield>
    <subfield code="1">RM0267</subfield>
    <subfield code="2">BVE CR</subfield>
  </datafield>
</record>
</collection>
